@online{latex_template,
	title        = {VUB LaTeX huisstijl},
	author       = {De Smet, Ruben},
	year         = 2020,
	url          = {https://gitlab.com/rubdos/texlive-vub},
	urldate      = {2020-11-02},
	note         = {GitHub commit: d91f55...}
}
@online{github_project,
	title        = {EoS project @ VUB 2021 - 2022},
	author       = {Bontinck, Lennert},
	year         = 2022,
	url          = {https://github.com/pikawika/eos},
	urldate      = {2022-02-03},
	note         = {GitHub commit: 4c30638...}
}
@article{deBoer2000,
	title        = {Self-organization in vowel systems},
	author       = {Bart de Boer},
	year         = 2000,
	month        = oct,
	journal      = {Journal of Phonetics},
	publisher    = {Elsevier {BV}},
	volume       = 28,
	number       = 4,
	pages        = {441--465},
	doi          = {10.1006/jpho.2000.0125},
	url          = {https://doi.org/10.1006/jpho.2000.0125}
}
@book{deBoerBook,
	title        = {The origins of vowel systems.},
	author       = {{de Boer}, Bart},
	year         = 2001,
	publisher    = {Oxford University Press},
	address      = {United Kingdom},
	note         = {Oxford: Oxford University Press The book based on my PhD. thesis.},
	language     = {English}
}
@article{deBoer2010,
	title        = {Multi-Agent Simulations of the Evolution of Combinatorial Phonology},
	author       = {Bart de Boer and Willem Zuidema},
	year         = 2010,
	month        = apr,
	journal      = {Adaptive Behavior},
	publisher    = {{SAGE} Publications},
	volume       = 18,
	number       = 2,
	pages        = {141--154},
	doi          = {10.1177/1059712309345789},
	url          = {https://doi.org/10.1177/1059712309345789}
}
@article{deBoer2018,
	title        = {Biology-Culture Co-evolution in Finite Populations},
	author       = {Bart de Boer and Bill Thompson},
	year         = 2018,
	month        = jan,
	journal      = {Scientific Reports},
	publisher    = {Springer Science and Business Media {LLC}},
	volume       = 8,
	number       = 1,
	doi          = {10.1038/s41598-017-18928-0},
	url          = {https://doi.org/10.1038/s41598-017-18928-0}
}
@misc{gplv3,
	title        = {GNU General Public License},
	url          = {http://www.gnu.org/licenses/gpl.html},
	version      = 3,
	shorthand    = {GPL},
	organization = {Free Software Foundation},
	pagination   = {section},
	language     = {english},
	date         = {2007-06-29}
}
@article{Schwartz1997,
	title        = {The Dispersion-Focalization Theory of vowel systems},
	author       = {Jean-Luc Schwartz and Louis-Jean Boë and Nathalie Vall{\'{e}}e and Christian Abry},
	year         = 1997,
	month        = jul,
	journal      = {Journal of Phonetics},
	publisher    = {Elsevier {BV}},
	volume       = 25,
	number       = 3,
	pages        = {255--286},
	doi          = {10.1006/jpho.1997.0043},
	url          = {https://doi.org/10.1006/jpho.1997.0043}
}
@phdthesis{vallee1994,
	title        = {Systèmes vocaliques : de la typologie aux prédictions},
	author       = {Nathalie Vallée},
	year         = 1994,
	school       = {Université Stendhal}
}
@book{1985book,
	title        = {Phonetic linguistics : essays in honor of Peter Ladefoged},
	author       = {Ladefoged, Peter},
	year         = 1985,
	publisher    = {Academic Press},
	address      = {Orlando},
	isbn         = 9780122689901
}
@article{deBoerFull,
	title        = {Self-organization in vowel systems},
	author       = {Bart de Boer and Luc Steels},
	year         = 1999,
	url          = {https://citeseerx.ist.psu.edu/viewdoc/download?doi=10.1.1.32.5947&rep=rep1&type=pdf}
}
@article{landl,
	title        = {Numerical Simulation of Vowel Quality Systems: The Role of Perceptual Contrast},
	author       = {Johan Liljencrants and Bj\"{o}rn Lindblom and Bjorn Lindblom},
	year         = 1972,
	month        = dec,
	journal      = {Language},
	publisher    = {{JSTOR}},
	volume       = 48,
	number       = 4,
	pages        = 839,
	doi          = {10.2307/411991},
	url          = {https://doi.org/10.2307/411991}
}
@book{chomsky,
	title        = {The sound pattern of English},
	author       = {Chomsky, Noam},
	year         = 1991,
	publisher    = {MIT Press},
	address      = {Cambridge, Mass},
	isbn         = 9780262031790
}
@article{network1,
	title        = {Is Network Structure Important for Protest Mobilization? Findings from Agent-Based Modeling},
	author       = {Petrov, Alexander and Akhremenko, Andrei and Zheglov, Sergey and Kruchinskaia, Ekaterina},
	year         = 2021,
	month        = 12,
	journal      = {The monitoring of public opinion economic and social changes},
	doi          = {10.14515/monitoring.2021.6.2021}
}
@article{network2,
	title        = {Agent-based modeling: Methods and techniques for simulating human systems},
	author       = {Bonabeau, Eric},
	year         = 2002,
	journal      = {Proceedings of the National Academy of Sciences},
	publisher    = {National Academy of Sciences},
	volume       = 99,
	number       = {suppl 3},
	pages        = {7280--7287},
	doi          = {10.1073/pnas.082080899},
	issn         = {0027-8424},
	url          = {https://www.pnas.org/content/99/suppl_3/7280},
	eprint       = {https://www.pnas.org/content/99/suppl_3/7280.full.pdf}
}
@article{network3,
	title        = {Combining social network analysis and agent-based modelling to explore dynamics of human interaction: A review},
	author       = {Meike Will and J\"{u}rgen Groeneveld and Karin Frank and Birgit M\"{u}ller},
	year         = 2020,
	month        = feb,
	journal      = {Socio-Environmental Systems Modelling},
	publisher    = {Wageningen University and Research},
	volume       = 2,
	pages        = 16325,
	doi          = {10.18174/sesmo.2020a16325},
	url          = {https://doi.org/10.18174/sesmo.2020a16325}
}
@inproceedings{scalefreegood,
	title        = {The scale-free model for citation network},
	author       = {Wang, Ming-Yang and Yu, Guang and Yu, Da-Ren},
	year         = 2010,
	booktitle    = {2010 IEEE International Conference on Intelligent Computing and Intelligent Systems},
	volume       = 1,
	number       = {},
	pages        = {773--776},
	doi          = {10.1109/ICICISYS.2010.5658791}
}
@article{scalefreebad,
	title        = {Scale-free networks are rare},
	author       = {Anna D. Broido and Aaron Clauset},
	year         = 2019,
	month        = mar,
	journal      = {Nature Communications},
	publisher    = {Springer Science and Business Media {LLC}},
	volume       = 10,
	number       = 1,
	doi          = {10.1038/s41467-019-08746-5},
	url          = {https://doi.org/10.1038/s41467-019-08746-5}
}
@book{graphsfigure,
	title        = {Graph algorithms : practical examples in Apache Spark and Neo4j},
	author       = {Needham, Mark},
	year         = 2019,
	publisher    = {O'Reilly},
	address      = {Beijing},
	isbn         = 9781492047681
}
